2874 4746
508 483 717 494 nnn—nunna*-

290 619 483 710 l’nh'mni,
504 621 711 703 losepbus.

115 727 203 796 Vitae
231 728 428 809 quorumdam
449 725 598 792 Nobilium
628 725 853 801 convictorum,
886 725 1053 809 quisnam
1081 735 1112 794 et

204 831 314 896 mortui
336 839 406 896 sunt
430 831 463 897 in
477 830 644 898 Seminario
658 831 806 907 Romano,
831 831 993 915 singularis
1014 834 1112 898 virtu-

203 937 255 1001 tis.
282 938 367 1002 Tem.
392 934 432 998 ll.
469 935 599 1018 Neapoli
622 931 717 999 1722.
742 933 794 1000 12.
814 939 926 1004 italice.

114 1041 321 1124 lienologium
345 1043 558 1106 memoriarum
579 1039 698 1124 piarum
722 1043 919 1123 quorumdam
941 1043 1113 1126 Religioso-

202 1165 269 1212 t'um
298 1146 369 1213 Soe.
397 1148 482 1226 Jesn,
512 1145 710 1210 collectarum
741 1154 772 1210 et
808 1147 1031 1214 distributorum
1057 1167 1114 1230 per
1245 1173 1249 1197 ι

201 1252 464 1331 bimaritum,
487 1251 595 1333 quibus
617 1251 726 1315 mortui
747 1259 826 1317 sunt.
855 1254 940 1317 lom.
963 1253 1013 1318 tv.
1049 1254 1112 1319 Ve-

204 1357 294 1421 netiis
320 1353 414 1419 1730.
437 1353 467 1419 4
493 1355 606 1420 ttattee.
888 1354 895 1366 '

295 1460 410 1541 10010,
441 1461 660 1525 Florianus.

114 1572 177 1636 lter
197 1570 229 1634 in
250 1567 412 1632 blissiones
433 1565 635 1649 Paragnariae
663 1571 695 1628 et
720 1563 856 1628 Historia
884 1563 1059 1632 illusionum
1080 1565 1112 1631 S.

203 1671 327 1739 Xauetii
355 1677 387 1736 et
414 1670 445 1735 S.
477 1673 565 1736 Petri.
606 1667 851 1734 Additamentnm
882 1667 921 1734 ad
948 1671 1113 1736 Historiam

200 1777 384 1842 Jesuitarum
420 1776 452 1840 in
479 1775 675 1859 Paragnaria.
729 1773 830 1841 Edidit
857 1774 994 1840 loannes
1019 1777 1112 1840 irael

202 1881 425 1952 ottonum
459 1880 595 1946 Viennae
621 1875 716 1944 1832.
737 1877 769 1943 8.
793 1879 980 1964 germanion.

290 1985 409 2072 Purra,
437 1983 649 2052 Antonius.

8 2153 9 2158 ,
113 2091 244 2281 11016ίέ)ι
245 2091 479 2261 geffigubfflus
501 2088 739 2154 Gbuistianonum
770 2093 802 2158 in
823 2089 1000 2174 najessoja.
1033 2089 1115 2154 Pra-

289 2299 407 2386 Pam,
428 2299 473 2364 Ja
485 2299 618 2364 cobus

114 2409 161 2473 Da
183 2407 303 2491 origine
325 2407 503 2472 societatis·
531 2405 657 2472 Lovani
681 2401 776 2472 1662.
797 2403 854 2472 8.«

259 2517 267 2530 ·
290 2507 466 2580 larovnki.

114 2617 251 2683 Historia
271 2616 389 2700 Ducum
410 2615 706 2699 Novogrodensium.

290 2718 402 2790 teta.

113 2829 250 2896 Historia
270 2825 353 2891 urbis
377 2825 617 2890 Guadalaxarae.

290 2927 438 3009 1011010,
459 2929 648 2994 loannes.

114 3037 250 3104 11000100
270 3035 429 3118 hispanici.

289 3138 453 3220 Ptdtutzi,
475 3135 634 3203 Paulus.

116 3245 271 3316 Musaeum
284 3245 499 3314 Famesianum
521 3263 576 3310 seu
592 3243 739 3310 Caesares
766 3241 798 3305 in
821 3257 908 3318 auro,
932 3247 1059 3323 argemo
1079 3247 1112 3306 et

203 3348 325 3410 metello
348 3351 467 3415 collecti
488 3351 520 3412 in
534 3351 660 3413 Musaeo
671 3346 856 3413 Farnesiano
880 3353 991 3410 etcum
1013 3349 1111 3422 inter-

202 3453 372 3534 pretatione
388 3471 520 3536 congrua
534 3454 687 3536 publicati
706 3453 793 3515 Tum.
809 3449 848 3514 Χ.
883 3453 1009 3518 Parmae
1026 3447 1111 3518 1694

204 3589 246 3606 ·-
258 3550 351 3619 1727.
375 3557 439 3620 Fol.
463 3575 532 3620 nunt
552 3557 604 3641 lig.
626 3555 736 3624 italiae.

290 3657 441 3746 10010033,
463 3660 678 3743 Josepbus.

115 3765 236 3850 Dialogi
258 3766 297 3830 de
319 3767 412 3830 variis
433 3765 666 3848 Antiquitatibus
688 3763 904 3830 eedesiastieis
928 3771 1111 3830 controver-

202 3873 255 3936 sis.
292 3869 412 3938 Graeoii
436 3865 531 3934 1724.
553 3863 586 3932 8.

289 3975 386 4046 Pom
408 3973 447 4044 10
469 3971 577 4053 libna
606 3972 802 4040 Andreas.

113 4079 250 4151 liburia
271 4079 312 4146 do
325 4081 491 4163 'ibiumpbis
505 4079 536 4144 S.
554 4079 638 4146 Fidei
657 4082 736 4145 inter
756 4085 866 4162 genus
880 4077 1027 4142 barbaras
1040 4076 1110 4140 tte-
1197 4109 1202 4114 ·

200 4187 302 4254 xioani
322 4186 415 4255 orbis.
452 4186 572 4253 notun
597 4180 779 4251 16461101.
