2902 4750
507 603 610 686 tirou,
632 607 885 672 Franciscus.

332 714 419 780 Vitae
440 713 602 778 Caesarum
624 711 853 778 Austriacorum
876 731 944 776 cum
967 713 1092 778 metrica
1114 714 1328 830 symbolorum

420 817 607 901 paraphrasi.
646 814 884 882 Graecii1716.
910 813 959 882 12.

343 965 348 972 =
462 918 886 1001 hrothsutoannes.

331 1029 462 1093 Historia
484 1025 620 1092 Sodahtii
641 1027 791 1093 Ursulani.
830 1028 976 1092 Coloniae
1000 1024 1094 1091 1765.

506 1127 684 1211 finalitas,
706 1132 890 1198 Joannes.

332 1237 505 1302 Chronicon
527 1235 744 1302 chronicorum
763 1238 1006 1303 Ecclesiastico·
1014 1238 1179 1302 Poiiticom.
1201 1239 1268 1304 Vol.
1285 1239 1326 1304 ii.

420 1341 611 1406 mancosorti
637 1339 731 1406 1614.
755 1339 787 1408 8.

331 1447 445 1514 Tabula
465 1447 685 1530 cmonotogica
714 1455 809 1513 status
836 1448 997 1514 Ecclesiae
1018 1385 1202 1514 Catholicae
1242 1451 1326 1533 Log-
1432 1393 1433 1396 Ἴ

419 1553 492 1616 duni
515 1548 611 1616 1616.
632 1552 697 1616 Ful.

504 1652 619 1725 hucin
642 1654 686 1725 66
706 1656 834 1735 hochar,
854 1657 1001 1721 Petrus.

331 1762 462 1828 Historia
484 1780 557 1826 vcra
579 1770 746 1843 temporum
777 1763 983 1826 iahuiosorum
1013 1760 1163 1824 elucidata
1192 1777 1248 1840 per
1269 1760 1323 1824 iii-

373 1908 386 1926 .·
417 1868 540 1932 storiam
552 1866 687 1947 Sacram,
710 1869 741 1931 in
759 1887 818 1950 qua
840 1867 995 1932 exhaustis
1017 1885 1133 1930 summa
1149 1880 1217 1928 cum
1231 1865 1324 1930 indu-

417 1975 490 2037 stria
513 1972 654 2036 sontibus.
676 1991 740 2035 non
770 1974 879 2036 minori
908 1973 1111 2054 profunditate
1142 1989 1178 2034 ac
1200 1972 1325 2035 certitu-

344 2117 351 2126 ·
419 2077 490 2142 diue
506 2078 663 2158 probator,
685 2078 830 2158 quidquid
845 2077 1027 2155 Herodotus,
1049 2076 1224 2155 Manethon,
1246 2077 1324 2140 Era-

417 2188 556 2247 stotcnus
571 2189 601 2248 et
615 2183 768 2246 Diodorus
781 2183 899 2248 Siculus
917 2183 956 2246 66
967 2181 1109 2264 Aegypto
1125 2183 1156 2245 et
1167 2181 1324 2264 Aegyptiis

419 2287 563 2361 inornavit,
587 2286 784 2368 infiguratam
798 2285 993 2351 imitationem
1017 2304 1121 2350 eorum
1144 2303 1226 2366 esse,
1248 2303 1325 2368 quae

344 2433 350 2440 -
418 2391 602 2460 Sacerdotes
617 2409 722 2455 eorum
744 2392 775 2454 in
796 2392 828 2458 S.
844 2393 998 2473 Scriptura
1011 2399 1199 2472 repererant.
1214 2393 1288 2457 Pars
1302 2393 1324 2454 1.

417 2497 626 2560 Voluminihus
648 2497 690 2561 lli.
736 2497 842 2562 Leodii
867 2492 962 2561 1790.
984 2493 1016 2560 8.
1039 2497 1112 2580 gall.
1142 2498 1258 2561 Parsll
1287 2498 1325 2562 de

417 2603 565 2685 Assyriis,
594 2601 768 2684 Bahpioaiis
791 2610 849 2666 etc.
879 2602 961 2666 Pars
982 2601 1016 2666 tit
1053 2602 1093 2666 66
1113 2601 1325 2683 Phoenicibus,

419 2707 544 2774 Graecis
565 2707 710 2778 Romanis
733 2714 791 2771 etc.

506 2808 627 2892 (itcrat,
649 2812 842 2876 Joannes.
1009 2893 1017 2899 ἡ

331 2919 429 2986 Gallia
451 2919 626 2996 christiana,
648 2935 704 2981 seu
725 2917 828 2984 Sancti
851 2914 967 2980 Galliae
989 2922 1020 2978 et
1041 2913 1178 2977 locorum
1201 2919 1326 2976 conter-

419 3023 575 3089 minorum.
598 3022 664 3084 Fal.
687 3023 728 3086 Μ.
750 3023 781 3084 in
805 3019 882 3084 Bibl.
905 3027 967 3085 nat
988 3019 1054 3088 Par.
1118 3077 1119 3084 ,
1165 3025 1168 3028 ’

507 3122 680 3206 hucncite,
702 3127 1036 3190 Bartholomaeus.

331 3233 490 3315 arpenno
513 3232 699 3298 ahusitanis
720 3233 856 3297 instituta
878 3233 916 3296 ad
935 3231 1174 3314 recuperandam
1192 3231 1236 3304 ‚ab
1250 3227 1328 3292 hol--

418 3338 518 3401 landis
540 3337 674 3420 Bahyam
696 3336 852 3403 Brasiliae.
886 3336 1006 3401 Parisiis
1032 3331 1126 3400 1625.
1148 3332 1180 3398 t.
1203 3335 1282 3399 lusit.
1342 3397 1344 3403 ,

331 3445 448 3508 Brevis.
462 3442 566 3506 notitia
588 3442 706 3526 Regum
727 3444 899 3509 Lusitaniae
929 3447 960 3504 et
974 3441 1206 3505 Provinciamm
1229 3441 1268 3504 ah
1289 3437 1328 3503 iis

346 3601 349 3608 .
420 3553 644 3630 occupatarum.
1098 3584 1101 3594 .

278 3645 283 3652 ’
406 3703 408 3710 ·
507 3648 986 3734 hucmareseromandus.
1058 3679 1061 3684 ·
1167 3693 1170 3702 .

332 3758 470 3840 Quinque
491 3759 664 3826 Relationes
686 3779 787 3824 rerum
820 3778 839 3822 a
859 3755 996 3821 Patribus
1023 3753 1094 3830 Soc.
1116 3753 1190 3818 Jesu
1218 3759 1328 3836 gesta-

419 3881 486 3927 mm
508 3865 652 3944 inludia,
672 3860 814 3945 Japonia,
837 3861 975 3935 Brasilia,
990 3858 1139 3942 ‚Angola,'
1152 3857 1235 3938 Sina,
1247 3857 1327 3923 »Ae-

356 3989 370 4024 ’.
418 3967 541 4054 thiopia.
571 3969 760 4053 ¹Ulyssipone
784 3959 1023 4034 1603-1614,
1040 3961 1193 4032 inlusit
1232 3961 1234 3968 ’
