2874 4746
709 459 918 470 ——ffl

492 591 647 681 Luriquot,
676 593 880 660 Nicotaus.
950 624 955 636 ·

318 699 430 764 Tabula
454 697 673 782 chronologica
688 699 845 766 Historias
856 701 998 784 antiquae
1019 709 1050 766 et
1066 699 1233 766 modernae
1245 717 1316 766 oum

406 804 515 869 tabuiis
537 803 760 886 geographicis.
797 804 935 887 Lugduni
953 801 1059 872 1806.=
1075 802 1109 870 8.
1133 805 1187 870 ult.
1210 805 1316 868 editio.

404 908 542 990 lugdoni
565 914 596 972 et
616 907 735 972 Parisiis
761 903 856 974 1848.
885 906 918 976 8.
946 909 1016 993 goii.

318 1013 452 1081 Historia
464 1017 558 1080 Socra
572 1029 639 1079 urna
661 1013 946 1096 interrogationibus
960 1021 992 1078 et
1006 1015 1172 1097 responsis,
1196 1015 1244 1079 oui
1259 1033 1316 1080 ae-

409 1116 490 1181 nadit
511 1116 649 1197 Epitorne
671 1116 710 1180 de
731 1116 797 1184 viu
818 1118 931 1186 Christi·
950 1134 1018 1196 oum
1040 1119 1156 1185 ubuiis.
1177 1119 1318 1203 Lugduni

318 1245 322 1266 ·
409 1214 505 1286 1807.
527 1219 578 1284 ult
598 1221 648 1285 ed.
676 1221 815 1307 Lugduni
842 1230 874 1288 et
901 1225 1023 1291 Parisiis
1046 1220 1142 1288 1847.
1168 1220 1219 1290 18.
1241 1225 1318 1308 gali.

320 1328 453 1396 Historia
473 1331 560 1394 vetus
589 1324 827 1407 Aegyptiorum,
856 1327 1069 1411 Assyriorum,
1098 1327 1257 1394 Medorum
1284 1335 1319 1394 at
1428 1411 1429 1422 χ

408 1431 584 1504 Persarum,
615 1429 797 1496 Graecorum
818 1437 850 1496 et
872 1431 1147 1516 Carduginaosiunr
1179 1451 1246 1498 oum
1267 1441 1319 1500 ta-
1428 1467 1429 1500 r

408 1535 496 1601 nun.
523 1534 676 1617 Lugduni»
691 1529 788 1604 1808.
810 1535 863 1601 ur.
885 1537 988 1604 euno.
1017 1539 1156 1622 aunon
1177 1545 1209 1604 o
1230 1540 1317 1604 nus-
1428 1519 1429 1550 ¹

407 1640 487 1706 risiis
511 1635 605 1702 1846.
632 1633 683 1702 18.
705 1638 824 1722 gallica.

320 1745 455 1812 Historia
484 1739 620 1811 Rouana
645 1743 685 1808 air
715 1741 796 1807 Urbe
824 1743 945 1810 condita
973 1761 1069 1827 usque
1105 1746 1145 1812 ad
1175 1762 1319 1814 oseam

407 1847 528 1932 imperii
549 1846 723 1912 oooiueuu
746 1864 814 1910 oum
836 1847 954 1914 tabuiis.
983 1849 1120 1932 Lugduni
1145 1845 1240 1918 1800.
1263 1851 1316 1916 ult.

410 1955 513 2020 editio.
540 1951 679 2035 Lugduni
700 1957 731 2014 et
751 1950 869 2018 Parisiis
894 1949 989 2017 1847.
1015 1949 1066 2018 18.
1087 1955 1157 2037 gaii.

321 2060 455 2128 Historia
475 2055 681 2122 aeclesiastica
704 2073 772 2118 oum
800 2058 1086 2140 interrogationibus
1108 2065 1140 2124 et
1160 2061 1318 2143 responsis

407 2185 428 2230 a
442 2163 560 2228 Girristo
575 2161 614 2227 ad
624 2177 734 2226 annun
748 2156 844 2228 1814.
858 2180 926 2226 euru
938 2163 1055 2228 uoulie
1068 2163 1209 2246 Lugduni
1222 2161 1319 2230 1814.

413 2263 464 2333 18.
486 2265 557 2349 gall.
579 2265 633 2330 ult.
656 2264 718 2330 edu
740 2264 879 2348 Lugduni
901 2273 934 2330 et
953 2267 1075 2352 Parisiis
1098 2263 1194 2332 1847.
1220 2265 1275 2336 18.

323 2372 456 2438 Historia
475 2363 591 2438 Galliae
612 2369 650 2435 ad
672 2385 757 2432 usum
777 2370 944 2452 juventutis
967 2389 1034 2436 cunr
1057 2371 1163 2440 tabuiis
1184 2389 1319 2456 geogra-
1429 2339 1430 2366 1

409 2476 514 2559 phiois.
550 2473 689 2557 Lugduni
713 2469 954 2539 1814-1816.
976 2475 1028 2540 ult
1051 2475 1102 2540 sd.
1128 2476 1268 2560 Lugduni
1289 2483 1321 2541 et

410 2580 532 2652 Parisiis
559 2571 653 2642 1846.
679 2575 730 2641 18.
753 2578 822 2644 Vol.
845 2575 883 2641 ii.
905 2579 976 2663 gali.

323 2671 455 2755 Historia
476 2684 625 2769 Angues,
655 2682 737 2765 Opus
759 2683 962 2765 posthumum,
986 2686 1074 2768 cujus
1096 2688 1226 2767 primum
1254 2685 1321 2749 Vo—

403 2794 512 2859 rlurnen
541 2788 693 2872 integrum
726 2789 906 2872 recognovit
935 2790 966 2854 P.
994 2790 1146 2874 Loriquet.
1189 2790 1258 2856 Vol.
1282 2789 1319 2854 11.

410 2895 531 2964 imaus
555 2889 650 2959 1846.
673 2889 705 2956 8.
727 2893 801 2977 gali.

323 3001 519 3087 impossibile
532 2999 614 3066 diotu
646 3004 704 3075 est,
733 3003 807 3080 quot
837 2997 986 3064 editiones
1014 2998 1202 3080 prodierunt
1247 2999 1319 3067 Sole

412 3104 547 3170 Historia
559 3100 673 3167 Galliae
695 3101 791 3166 octies
813 3101 892 3166 adita
914 3110 961 3166 est
981 3111 1140 3186 antequam
1163 3112 1316 3186 stereoty-

411 3215 549 3292 peretum
576 3221 596 3272 a
623 3222 727 3270 mensa
748 3205 890 3272 ianuario
903 3203 988 3270 1840
1011 3208 1090 3273 edita
1117 3216 1187 3272 sunt
1210 3203 1316 3272 58000

412 3311 626 3394 exemplarium
648 3309 800 3376 Historiae
820 3305 1068 3391 sacrae‚·30000
1090 3315 1242 3380 Historiae
1264 3331 1321 3378 eo-
1355 3358 1360 3362 -

412 3417 610 3494 oiesiastioae,
626 3408 732 3481 10000
748 3415 901 3482 Historiae
915 3417 1064 3500 antiquae,
1089 3413 1202 3480 20000
1214 3419 1321 3485 Histo-

412 3523 476 3586 riae
497 3537 651 3588 romanae,
685 3518 846 3586 Praeterea
874 3537 954 3586 auno
980 3517 1066 3584 1824
1086 3530 1118 3586 et
1141 3516 1226 3585 1825
1249 3506 1321 3588 edi-

415 3633 463 3690 tus
485 3632 532 3690 est
553 3624 603 3688 hio
626 3641 734 3690 sursus
756 3624 911 3691 Historiae
931 3629 963 3691 in
988 3621 1038 3690 12.
1057 3625 1097 3693 lv
1112 3626 1323 3691 voluminibus

414 3736 567 3826 constans.

325 3837 464 3924 Epitonne
491 3833 643 3901 Historiae
665 3834 777 3900 Soerae
807 3851 875 3898 eum
897 3833 977 3900 uotis
997 3833 1129 3916 gaideris,
1158 3833 1324 3916 prosodiae

397 3939 522 4023 *siguis
544 3938 644 4004 tabula
670 3938 875 4021 geographica
896 3955 1035 4020 nouaque
1056 3955 1167 4002 vom
1187 3938 1323 4006 omnium

329 4107 331 4114 .
413 4044 667 4127 interpretatione.
696 4042 750 4110 uit.
773 4043 823 4110 ed.
866 4043 1005 4128 Lugduni
1026 4048 1057 4108 ot
1078 4042 1201 4122 Parisiis
1223 4027 1321 4110 1840.

417 4146 468 4216 18.
490 4150 591 4220 latine.
746 4153 749 4157 “
