2902 4750
735 497 941 508 ..ι--ι-ιι-

308 695 318 726 ,
515 631 712 720 liotttbotgon
734 629 942 714 Iosephus.

341 741 476 810 taurona
506 739 758 822 Synnhronirtioa
789 737 948 803 Ecclesiae
981 745 1013 802 et
1041 739 1144 802 Mundi
1171 739 1203 802 in
1232 739 1340 804 medio

429 847 526 911 nevo.
555 845 640 907 Tum.
662 843 784 926 primus.
814 843 997 909 Ratisbonae
1022 839 1115 908 1850.
1136 841 1169 908 8.
1191 863 1290 928 germ.

517 946 651 1016 naman
675 949 753 1028 (vau
775 945 879 1029 nan),
900 949 1087 1013 taeobus.

341 1054 489 1138 synopsis
518 1053 672 1116 Historiae
708 1051 778 1119 Soo.
808 1049 882 1116 Jesu
916 1053 1003 1135 primi
1033 1051 1163 1117 Saeouti.
1204 1054 1341 1120 Tornaoi

432 1153 525 1222 1641.
549 1157 613 1221 rot.

342 1261 457 1327 Gallice
478 1261 597 1326 reddita
615 1281 634 1325 a
655 1263 818 1326 Franoisoo
841 1261 958 1325 cahier.
986 1262 1058 1325 ibid.
1084 1257 1178 1331 1642.

517 1363 639 1445 Rouioi,
662 1366 837 1431 Gabriel.

342 1473 474 1537 Historia
497 1471 644 1535 anciae
673 1490 713 1535 ex
741 1471 917 1536 fundatione
944 1469 1140 1534 Monarehiae
1167 1466 1339 1531 Franeioae

431 1579 462 1642 in
479 1574 580 1640 Galliis
603 1593 699 1657 usque
721 1576 760 1640 ad
782 1583 909 1640 mortem
926 1577 1049 1640 Henrioi
1067 1571 1107 1637 lv
1127 1572 1228 1638 dicata
1250 1571 1336 1654 Regi.

266 1760 270 1768 „
431 1679 499 1743 Vol.
524 1675 580 1740 ΙΙΙ.
613 1680 734 1745 Parisiis
760 1675 853 1743 1713.
877 1679 940 1742 liol.
963 1677 1082 1760 gallice.

342 1783 441 1852 Editio
464 1781 495 1848 2.
517 1786 617 1849 revisa
646 1791 678 1848 et
699 1791 787 1848 auota
810 1785 847 1848 ab
870 1783 987 1847 Autore
1009 1781 1137 1846 nummis
1159 1779 1337 1844 authenticis

430 1896 462 1954 et
482 1905 565 1952 novo
587 1889 682 1952 nomo
704 1890 935 1971 praecipuorum
963 1895 1126 1952 menarum
1154 1884 1211 1948 sub
1233 1885 1336 1966 regnis

430 1994 575 2059 Ludovici
596 1991 657 2056 Xlli
678 1999 710 2057 et
734 1991 816 2056 xtv.
846 1993 942 2058 Duaoi
966 1987 1059 2056 1722.
1088 1984 1294 2052 tunultu

342 2097 441 2163 Editio
464 2093 496 2161 3.
520 2117 587 2160 eum
610 2101 699 2163 novis
713 2099 952 2164 accessionibus.
980 2096 1100 2162 Parisiis
1113 2083 1336 2158 1722-1729.

429 2202 496 2265 Vol.
518 2201 558 2265 X.
581 2199 612 2264 4.
1275 2253 1277 2257 .

315 2291 317 2296 '
343 2305 443 2372 Editio
465 2309 580 2387 optima
601 2323 673 2370 cura
695 2306 727 2368 P.
750 2305 854 2370 Griiiet
874 2308 906 2371 S.
930 2303 958 2368 t.
988 2305 1196 2381 matanatis,
1226 2317 1337 2383 magno

434 2410 676 2498 dissertationum
701 2409 1048 2475 critico-historicarum
1069 2423 1207 2484 numero,
1231 2407 1338 2471 Histo-

337 2509 341 2514 ’
432 2516 478 2580 ria
499 2515 596 2597 Regni
617 2515 762 2580 Ludovioi
783 2512 855 2591 Xlll,
879 2519 909 2576 et
929 2513 1044 2578 Diurno
1066 2513 1211 2576 historioo
1234 2509 1339 2573 Ludo-

431 2619 492 2684 vioi
504 2615 588 2698 inv,
610 2625 718 2684 ornata
733 2619 872 2692 nummis
896 2618 1007 2684 enanis
1020 2625 1082 2682 eto.
1104 2616 1225 2682 Parisiis
1243 2609 1339 2678 1750.

431 2719 672 2789 v01.xvtt.t.

344 2829 420 2892 'l'ota
446 2828 572 2896 historia
600 2830 746 2894 translatu
774 2830 949 2912 germanice
984 2825 1094 2908 prodiit
1121 2825 1340 2916 Norimbergae

435 2928 673 2996 tuno-tuot.
708 2934 777 2996 Vol.
797 2930 884 2994 xtt.
908 2929 940 2994 4.
965 2965 1004 2976 -
1042 2931 1146 2996 italice
1173 2949 1229 3013 per
1249 2930 1339 2996 Mox.

433 3036 563 3102 Bertium
585 3037 719 3101 Venetiis
744 3032 839 3098 1737.
866 3033 936 3100 Vol.
958 3034 1002 3097 ltt.
1028 3031 1059 3097 4.

345 3143 479 3208 Historia
501 3141 621 3206 Militiae
642 3141 809 3204 Franoioae
838 3147 868 3202 et
888 3141 1084 3203 mutationum
1112 3141 1143 3204 in
1174 3157 1212 3202 ea
1240 3138 1334 3202 faetu-

433 3265 500 3309 rum
522 3265 541 3310 a
563 3244 739 3309 fundatione
753 3241 949 3307 monarchiae
970 3261 1068 3326 usque
1084 3242 1228 3308 adfinem
1244 3242 1338 3326 Regni

432 3351 577 3416 Ludovioi
598 3350 710 3433 Magni.
733 3347 800 3412 Vol.
823 3347 864 3410 tlt.
891 3347 1013 3412 Parisiis
1038 3344 1132 3410 1721.
1148 3345 1180 3411 4.

345 3453 483 3536 Epitome
515 3455 604 3536 hujus
643 3453 749 3535 Operis
783 3469 849 3515 oum
891 3452 977 3516 brevi
1019 3455 1209 3537 expositione
1245 3457 1342 3516 status

434 3559 555 3623 militiae
589 3561 756 3640 praesentis
791 3556 901 3638 prodiit
937 3556 1056 3623 Parisiis
1081 3554 1165 3619 1773
1189 3565 1219 3622 et
1244 3551 1341 3620 1780.

434 3663 500 3738 vot.
523 3662 555 3725 lt.
583 3658 632 3724 12.

384 3753 391 3762 ’
522 3764 1117 3845 uanntaussr,uranciscusttav.
1235 3837 1238 3844 Ι

346 3871 448 3941 Series
471 3871 586 3956 Regum
609 3871 726 3936 Daniae
748 3879 779 3936 et
801 3873 993 3955 Nonvegiae.
1025 3868 1144 3936 Graeoii
1168 3861 1265 3933 1734.
1289 3863 1342 3932 12.

324 3977 483 4062 'Epitome
504 3979 658 4043 Historiae
679 3975 872 4055 Pontificum,
904 3975 1066 4040 caesarum
1089 3981 1119 4040 et
1138 3973 1254 4060 Regum
1276 3971 1342 4037 Eu-

434 4099 530 4166 ropae
552 4085 693 4149 omnium.
728 4073 1045 4160 Graeoii1735.12.
1432 4063 1433 4066 '
