2902 4750
1055 394 1063 405 '
1109 398 1132 450 V

137 581 293 658 subsidia
331 549 437 655 manu
464 532 605 676 sumptis
632 602 718 656 usus
746 602 822 656 sum
848 581 889 653 R.
915 580 960 654 D.
986 579 1152 691 Fran-⁴

136 725 253 798 cisci
278 719 482 814 Eglauer
509 719 614 809 (olim
633 720 671 796 S.
689 722 734 815 J,
754 722 914 795 Viennae
936 725 973 793 in
990 721 1134 817 Austris

138 856 347 953 demortui);
386 883 558 957 quumque
593 861 695 937 simul
722 881 918 958 occuparer
943 864 979 934 in
1002 883 1135 934 recen-

140 1001 260 1076 sendis
276 1005 407 1076 nostris
426 1012 594 1098 quotquot
621 1001 721 1076 iuere
739 1002 950 1078 Provinciae
966 1001 1136 1076 Austria-

142 1163 205 1214 cae
232 1141 476 1238 scriptoribus
505 1150 608 1238 atque
636 1164 683 1214 ex
708 1145 786 1238 ipsa
813 1146 917 1216 etiam
943 1142 1134 1218 Societatis
1212 1209 1215 1218 ,

139 1290 284 1356 nostrae
326 1280 548 1378 dispersione
585 1290 709 1354 nactus
754 1278 871 1356 essem
907 1286 1134 1358 occasionem

84 1479 90 1493 .
138 1424 353 1518 praecipuas
386 1421 555 1517 quasdam
594 1423 765 1514 majorum
800 1419 966 1517 Europae
999 1421 1134 1533 urbium

138 1560 376 1636 bibliothecas
401 1561 647 1658 perlustrandi,
675 1563 899 1634 materiarum
928 1583 1037 1653 seges
1064 1583 1135 1636 non

143 1699 266 1774 defuit.

246 1909 370 2010 Neque
394 1923 511 1986 tamen
537 1911 645 1984 facile
670 1911 828 1984 adducor
853 1918 891 1982 ut
916 1909 1008 1982 hunc
1035 1909 1138 1982 elen-

143 2052 246 2126 chum
274 2075 294 2124 a
321 2075 377 2124 me
397 2052 607 2148 completum
635 2052 776 2124 credam
804 2053 1028 2144 numerisque
1056 2072 1138 2122 om-

141 2191 246 2265 nibus
274 2189 492 2282 absolutum3
527 2191 669 2265 adhoc
700 2194 792 2264 enim
821 2212 864 2262 ea
893 2193 1018 2284 etiam,
1047 2213 1138 2286 quae

139 2329 275 2404 Romae
302 2341 543 2422 asservantur,
569 2331 746 2441 literarum
781 2338 1004 2404 monumenta
1039 2332 1139 2404 invi-

142 2491 224 2545 sere
251 2457 444 2566 oporteret,
472 2471 566 2566 quod
594 2493 614 2544 a
638 2493 695 2544 me
722 2469 853 2543 iactum
879 2492 951 2542 non
976 2478 1042 2544 est.

250 2677 535 2774 Biograpbicas,
580 2701 667 2774 quas
700 2688 852 2770 vocant,
893 2677 1139 2751 adnotationes

300 2816 383 2890 huic
418 2819 518 2912 operi
551 2838 624 2888 non
659 2819 812 2909 inserui,
844 2836 949 2911 quum
974 2817 1140 2892 materies

300 2980 366 3055 pro
404 2957 485 3031 aliis
519 2956 805 3053 ascriptoribus
840 2954 1034 3029 abundaret
1060 2921 1142 3051 qui-
1257 3002 1259 3008 ,

302 3099 393 3191 dem,
420 3120 484 3194 pro
513 3097 593 3172 aliis
618 3120 707 3171 uero
737 3096 913 3190 deficeret,
931 3105 1142 3192 praeterea-

302 3263 370 3338 que
404 3239 501 3312 multi
535 3239 673 3332 multis,
706 3247 745 3310 ut
776 3241 914 3334 opinor,
950 3238 1037 3312 satis
1063 3246 1143 3312 sunt

302 3383 446 3473 cogniti.
