2902 4750
807 372 862 458 61

342 615 459 682 Nummi
482 615 594 698 antiqui
622 615 802 696 Populorom
830 621 861 677 et
883 613 1005 678 Urlrimo
1020 613 1189 680 1110010011.Ι
1216 617 1337 681 Parisiis

432 716 526 784 1681.
548 717 580 784 4.
607 719 708 784 latino.
1032 779 1039 788 .

225 833 235 844 “
342 826 479 892 Prolusio
494 823 723 906 chronologiae
744 841 785 886 ax
798 823 932 888 Nummio
954 825 1083 906 antiquis
1104 825 1260 890 restitutae
1282 845 1338 890 seu

386 961 394 976 ,
429 927 609 996 Dissertatio
633 927 672 992 do
694 927 827 992 Nummis
849 927 1062 994 Herodiadom.
1094 929 1215 994 Parisiis
1239 926 1336 994 1693.

430 1032 463 1097 t.
485 1033 587 1096 latine.

344 1139 550 1220 chronologia
578 1155 618 1200 ex
652 1136 788 1200 Nummis
818 1137 947 1219 antiquis
978 1137 1125 1201 restituta.
1169 1138 1338 1218 specimen

431 1242 566 1323 primum.
603 1239 724 1305 Parisiis
749 1236 842 1304 1695.
865 1238 897 1303 4.
940 1239 1058 1323 Lipsiae
1082 1235 1176 1305 1697.
1192 1238 1233 1305 Ι1.
1274 1242 1339 1306 lir-
1428 1233 1429 1288 1

431 1345 582 1429 gentorati
614 1339 707 1431 1699.
745 1341 775 1407 8.
824 1346 982 1428 specimen
1005 1346 1178 1411 secundumn
1217 1347 1340 1411 Parisiis

345 1556 477 1621 Historia
504 1555 701 1619 Alexandril
729 1556 821 1638 Regis
850 1556 977 1636 Syriae,
1007 1554 1136 1619 deducta
1165 1573 1204 1617 ex
1224 1554 1338 1620 librol
1428 1541 1429 1576 ¹

433 1659 686 1725 Machabaeorum
715 1667 746 1724 et
763 1659 927 1742 justificata
955 1677 1011 1741 par
1031 1660 1185 1724 Nummos.
1218 1661 1340 1724 Parisiis

346 1869 533 1953 Genealogia
555 1867 769 1950 Imperatorum
792 1867 915 1950 Trajani
936 1873 967 1930 et
988 1867 1132 1932 Hadriani
1153 1885 1193 1932 ex
1206 1867 1339 1934 Numrnis

434 1976 580 2039 desumto.
616 1972 736 2036 Parisiis
761 1969 855 2035 1721.
1062 1969 1066 1982 '

346 2079 567 2162 Genealogiae·
587 2078 692 2142 Severi
718 2076 885 2141 Alexandri
913 2076 1105 2158 Imperatoris
1135 2077 1272 2142 desumto
1300 2095 1338 2142 ex

431 2183 573 2247 Nummos.
617 2165 737 2246 ramos
761 2177 853 2244 1729.
1276 2186 1279 2206 ·

345 2289 494 2352 Plurimae
515 2287 738 2369 Explicationes
771 2304 957 2352 nummorum
980 2287 1169 2368 antiquorum
1191 2285 1241 2350 vel
1262 2285 1338 2350 aliae

435 2392 684 2467 dissertationes,
706 2409 783 2472 quae
807 2393 998 2473 aliquomodo
1022 2393 1060 2456 ad
1082 2389 1243 2454 llisto'rianr
1266 2408 1337 2472 per-

432 2497 540 2574 tinent,
561 2495 753 2560 inveniuntur
773 2496 805 2559 in
827 2497 979 2562 llerooriis
994 2493 1205 2560 trevottiants.
1256 2549 1260 2556 .

403 2659 407 2666 .
520 2599 710 2679 tanatem,
740 2598 952 2683 Josephus.

264 2694 267 2699 ¹
345 2705 631 2774 Summailistoriae
654 2709 751 2772 omnis
773 2707 811 2769 ab
835 2706 961 2772 exordio
977 2722 1077 2770 rerorn
1100 2723 1197 2789 osque
1210 2707 1257 2770 ad
1281 2723 1338 2770 an-

433 2830 503 2876 num
527 2831 545 2878 a
567 2811 687 2876 Christo
707 2817 778 2876 nato
802 2807 895 2874 1715.
928 2811 1131 2894 Luxornlturgi
1156 2807 1249 2874 1731.

345 2917 531 2981 Bibliotheca
555 2916 763 2994 coloniensis,
785 2918 816 2979 in
839 2935 898 2996 qua
920 2915 989 2979 Vita
1011 2923 1043 2978 et
1062 2916 1143 2979 Libri
1166 2919 1245 2998 typis
1268 2916 1339 2980 vut-

431 3021 495 3103 gati
518 3038 555 3082 ac
569 3021 777 3100 lllanusoripta·
787 3027 985 3083 recensentur
1008 3022 1140 3085 omnium
1154 3020 1336 3086 Archidioe-

418 3125 513 3190 *cesis
536 3123 725 3190 Coloniensis
748 3125 916 3188 Ducatuum
937 3125 1144 3208 indigenarum
1166 3133 1199 3189 et
1218 3125 1335 3191 incola-

433 3249 498 3295 rum
519 3227 712 3310 Scriptonrm.
1188 3231 1191 3239 ·
1220 3235 1224 3241 ·

476 3333 690 3396 Praemittilur:

345 3437 595 3521 ¹chorographica
625 3435 795 3516 Descriptio
826 3436 958 3500 omniurn
987 3435 1199 3500 Paroohiarum
1226 3435 1340 3499 Arolti·

435 3542 589 3606 dioecesis
612 3541 800 3606 Coloniensis
828 3547 964 3606 extracta
992 3559 1032 3604 ex
1062 3539 1234 3605 Annalibus
1260 3541 1342 3604 Her-

433 3647 521 3710 mani.
538 3646 706 3710 Grumbaeh
727 3645 757 3709 S.
778 3646 805 3708 J.
837 3646 981 3709 Coloniae
1003 3645 1108 3728 Agrip.
1133 3642 1229 3715 1717.
1253 3647 1319 3710 Fol.

347 3753 477 3819 llistoria
498 3752 553 3815 liei
574 3751 764 3814 Nummariae
787 3751 977 3816 coloniensis
999 3758 1030 3812 ct
1044 3749 1279 3816 Dissertationes
1302 3751 1343 3814 da
1426 3771 1427 3852 p

189 3889 192 3896 ,
434 3858 550 3922 eadem.
574 3855 678 3946 Partes
699 3855 742 3917 lll.
781 3854 845 3918 Col.
867 3855 973 3938 A'grip.
999 3849 1093 3917 1754.
1116 3851 1148 3918 4.
1426 3861 1427 3870 ’

348 3965 484 4030 Concilio
500 3961 688 4026 Gernraniae.
711 3959 797 4022 lomi
811 3959 848 4023 X.
881 3959 947 4026 Col.
962 3958 1036 4042 Agr.
1057 3955 1257 4024 tros-1775.
1275 3959 1340 4024 tot.
