2902 4750
544 327 547 344 '
612 369 665 444 ιι

143 609 244 728 Reges
267 607 440 690 Hungariae
467 607 593 672 Mariani
616 625 655 672 en
686 607 901 690 antiquissimis
923 607 1139 692 Diplomatibus

194 713 359 794 aliisque
380 712 584 776 llonunentis
607 711 782 796 conscripti.
806 715 959 778 Viennae
966 711 1067 780 1775.
1086 715 1117 782 4.

318 813 472 896 lrtbtian,
494 818 730 882 Erasmus

141 920 279 986 Annales
302 920 522 1004 Compendiarii
551 922 667 1005 Regum
698 930 729 986 et
756 943 855 988 rerum
878 924 985 1008 Syriae
1012 929 1139 994 nummis

231 1027 387 1092 veteribus
407 1027 572 1104 illustrati·
588 1027 710 1092 dedneli
737 1005 776 1092 ab
799 1029 882 1093 obitn
904 1029 1070 1096 Alexandri
1099 1033 1138 1098 bl.

232 1130 276 1194 ad*
293 1131 346 1194 Cn.
362 1132 496 1213 Pompeji
519 1132 549 1194 in
565 1132 684 1212 Syriam
707 1133 877 1197 adventum.
902 1130 1037 1201 Viennae
1055 1132 1140 1200 1744

230 1242 260 1298 et
286 1231 380 1298 1754.
405 1235 468 1299 Fol.
750 1261 753 1268 ·

143 1340 189 1404 De
212 1338 355 1402 Fontibus
377 1339 527 1404 Historiae
556 1341 663 1421 Syriae
692 1341 728 1404 in'.
753 1343 849 1407 Libris
875 1343 1139 1414 machabaeorum.

179 1458 188 1464 ·
232 1444 367 1508 Viennae
392 1439 487 1507 1746.
512 1441 542 1505 4.

143 1549 284 1634 Historia
299 1549 478 1612 Germaniae
508 1550 538 1611 in
561 1567 647 1614 usum
671 1549 796 1633 Collegit
825 1552 1011 1616 Vberesiani.
1043 1555 1139 1619 Vien-

230 1672 289 1718 nae
314 1651 398 1716 1752
421 1660 451 1716 et
476 1648 570 1718 1757.
593 1650 624 1716 8.
1172 1647 1175 1652 ’

142 1757 365 1841 Diplomatonia
388 1757 481 1823 Sacra
505 1759 638 1823 Dnoalus
661 1761 789 1842 styriae.
830 1749 964 1826 Viennae
990 1757 1084 1826 1756.
1106 1760 1139 1826 4.

142 1864 301 1946 Speeimen
322 1863 584 1946 Arabontologiae
606 1865 790 1930 Corinthiae.
827 1867 964 1931 Viennae
989 1863 1139 1932 17584.

141 1970 253 2034 Νοιιιιι
284 1969 475 2034 elementaris
503 1968 720 2032 Numismatum
749 1969 959 2053 Antiquarum.
1004 1971 1140 2036 Viennae

69 2065 72 2073 ’
233 2069 327 2136 1758.
353 2071 385 2135 4.

141 2179 300 2261 Dialogus,
324 2196 383 2260 qno
408 2179 591 2259 disputatur,
616 2197 694 2242 anne
716 2179 891 2260 Rndolpbas
906 2109 1140 2261 Habsbnrgiens

230 2285 305 2368 Regi
328 2283 491 2348 Bohemiae
513 2282 657 2347 Ottoeara
679 2284 719 2346 ab
733 2284 896 2366 obsequiis
919 2283 1028 2357 suerit,
1052 2302 1139 2348 eum

231 2390 358 2472 temque
379 2390 509 2454 tentorio
533 2389 633 2471 lapsili
652 2389 805 2454 deluserit.
836 2391 971 2462 Viennae
997 2385 1090 2452 1755.
1105 2385 1138 2454 4.

140 2493 202 2559 Sub
224 2495 399 2559 Direotione
421 2495 499 2558 illius
522 2515 540 2559 a
564 2495 664 2559 Nobili
683 2496 842 2575 juventute
873 2494 1000 2578 collegii
1021 2493 1139 2558 'lbere-
1267 2535 1269 2542 -

230 2600 306 2662 siani
328 2599 485 2681 prodiere:
575 2622 587 2656 x
843 2649 846 2656 ,
943 2651 947 2658 .

141 2702 308 2766 'lentamen
329 2702 819 2784 genealogiae-ebronologionm
836 2699 1063 2780 promovendae
1085 2719 1138 2764 se

228 2807 284 2868 riei
300 2806 446 2868 Comitium
470 2785 502 2868 et
514 2806 623 2868 Rerum
640 2805 782 2882 Goriliae‚
807 2805 1009 2894 conscriptum
1033 2824 1050 2868 a
1073 2784 1143 2868 Ru-¹

228 2910 340 2992 dolpho
365 2911 479 2973 Comite
503 2910 647 2972 coronini
671 2909 708 2972 de
731 2907 862 2983 Qniseba
884 2908 916 2971 L.
940 2909 973 2971 B.
998 2929 1016 2974 a
1039 2910 1138 2974 Cron-

226 3017 304 3100 berg
325 3018 356 3080 in
378 3003 455 3079 Gall.
479 3017 567 3079 Tber
591 3015 666 3078 llist
686 3022 719 3079 et
740 3015 803 3080 Jur.
824 3015 975 3082 Stu'dios'o
1000 3013 1136 3079 Viennae

229 3119 313 3185 1752
336 3128 366 3185 et
392 3118 485 3185 1795.
509 3121 574 3184 Fol
980 3139 983 3146 ·

138 3227 253 3309 Regum
276 3235 415 3292 veterum
432 3227 620 3291 Numlsmata
639 3209 791 3320 anecdota
812 3229 863 3288 ant
876 3231 1023 3318 perrara,
1056 3223 1136 3288 notis

224 3331 383 3410 illustrata,
408 3332 536 3395 colleola
558 3329 651 3414 epeia
673 3338 703 3395 et
726 3329 826 3392 stadio
848 3311 954 3391 Fran'e
978 3327 1049 3392 Ant
1073 3329 1135 3392 Co-

226 3434 304 3497 mitis
328 3435 367 3497 de
380 3435 618 3514 llbevenbuller
644 3435 720 3498 llist.¹
737 3432 827 3497 Malli.
844 3441 874 3496 et
889 3432 961 3496 Phil.
979 3415 1133 3574 8ιιι8ιιιο

226 3529 362 3602 Viennae
388 3536 480 3602 1752
503 3539 534 3602 4.
758 3547 782 3576 ν’
854 3557 867 3574 '¹
1012 3567 1017 3576 ·

136 3645 282 3726 Leopoldi
306 3644 389 3708 Com.
415 3645 452 3708 tle
469 3644 547 3710 Clari
571 3655 600 3710 et
615 3625 783 3726 Aldring'en
807 3644 917 3708 eCo'll.
934 3641 1023 3741 Τιιιι
1049 3642 1134 3704 Ten-

175 3757 324 3814 tamen
354 3751 535 3813 Historienm
566 3752 604 3814 de
640 3751 736 3814 'litulo
765 3731 974 3846 Imperatoris
983 3743 1130 3820 Romani,

166 3851 313 3956 ··ιιιιιι
267 3855 414 3920 Garolo
411 3857 529 3939 Magno
549 3858 643 3920 etiam
657 3875 711 3920 ex
716 3857 811 3938 pacto
836 3875 903 3920 enm
922 3852 1048 3919 Graeois
1066 3831 1134 3914 lm

146 3949 427 4041 potatoribus
447 3963 626 4028 accessisse
663 3963 755 4046 vulgo
799 3961 939 4026 creditur.
996 3957 1132 4020 Viennae

227 4061 320 4130 1753.
343 4063 374 4128 4.
465 4121 469 4135 ,

876 4109 920 4227 ἰ
