2902 4750
583 403 634 478 37

503 503 713 518 Ἠ

288 645 366 714 lituu
389 642 427 711 de
450 637 493 723 lo‚'
513 644 751 709 Matthaeus.

112 751 245 818 historia
261 748 455 831 apparitionis
476 749 677 813 miraculosae
698 749 732 814 lt.
750 748 785 813 V.
798 746 992 834 Guadalupao
1011 767 1107 836 prope

201 856 361 922 hlexicum.
384 853 548 936 hispanice.

288 957 403 1036 melea,
424 957 623 1022 Martinus.

114 1065 282 1130 Elueidatio
309 1059 709 1143 historico-chronologica
738 1063 777 1128 de
804 1061 985 1147 Episcopatu
1006 1063 1106 1130 man-

203 1150 368 1249 sylvaniae.
405 1168 529 1233 Romae.

113 1274 283 1354 Descriptio
307 1271 507 1354 amplitudinis
528 1270 726 1354 Episcopatus
747 1271 928 1338 sirmiensis.

113 1377 260 1441 Collectio
282 1375 675 1440 historico-Ecclesiastico
696 1393 797 1440 rerum
812 1378 1044 1461 hungaricarum
1066 1397 1106 1444 ex

202 1481 350 1545 tabulario
373 1481 520 1545 Vaticano
549 1481 705 1561 depromta
735 1461 765 1544 et
785 1483 816 1545 in
837 1480 896 1544 xll
919 1485 1031 1548 'domos
1059 1483 1106 1549 di-

201 1587 335 1650 stributa.
454 1591 458 1621 ¹

287 1687 391 1767 unca,
413 1686 614 1752 Alhertus.

113 1795 288 1880 conjuratio
312 1792 428 1857 alberti
449 1789 640 1858 Fridlandiae
661 1791 754 1856 Ducis
777 1790 936 1856 autoritate
957 1791 1107 1862 Caesarea

200 1898 375 1983 germanice
396 1898 519 1979 vulgata
542 1905 572 1962 et
586 1897 731 1962 latinitate
754 1894 865 1962 donata
890 1898 1013 1963 volente
1027 1899 1106 1964 Gae-

200 2021 286 2080 sare;
308 2003 400 2067 tacito
423 2003 554 2066 nornine.
583 2002 719 2066 Viennae
744 1995 838 2064 1635.

288 2105 391 2185 Eurtz,
420 2104 435 2166 J
448 2125 599 2170 oannes
621 2103 638 2167 J
650 2107 808 2171 acohus.

112 2215 209 2278 Vertit
231 2231 249 2276 e
270 2212 363 2276 latino
394 2211 425 2273 in
455 2212 660 2293 germanicum
684 2210 832 2274 Guilielmi
854 2209 1054 2274 Lamormaini
1076 2209 1105 2275 S.

200 2317 229 2382 J.
245 2318 370 2381 virtutes
381 2315 562 2380 Eerdinandi
578 2312 616 2376 ll.
631 2315 716 2380 Rom.
730 2313 803 2398 imp.
819 2309 1061 2381 vicarietate.
1074 2312 1106 2380 4.

287 2417 436 2506 Guntia,
460 2420 711 2484 Guilielmus.

112 2529 192 2591 Acta
212 2525 419 2590 Bollandiaua.

113 2635 271 2695 tractatus
297 2627 717 2710 historico-chronologicus
750 2627 790 2690 de
817 2625 996 2689 Patriarohis
1021 2623 1108 2688 (iou-

203 2731 484 2812 stantinopolitanis.
525 2730 710 2811 Antverpiae
734 2724 828 2792 1733.
851 2729 915 2792 Eol.

268 2811 487 2912 trementi,
514 2833 780 2897 Wenoeslaus.

114 2941 249 3006 Annales
270 2946 301 3004 et
324 2938 402 3002 Aeta
423 2938 544 3001 Pietatis
571 2937 811 3021 Angustissimae
831 2937 946 3002 Douros
967 2938 1108 3004 Aurstria-

202 3065 266 3110 cae.
296 3044 400 3108 Partes
424 3039 464 3103 ll.
495 3042 621 3126 Pnagae.
644 3042 707 3106 Fol.

286 3149 483 3228 liutmun,
504 3147 708 3212 Nicolaus.
803 3179 809 3186 ’
1019 3199 1023 3208 .

114 3255 225 3318 Notitia
257 3254 384 3336 Collegit
414 3253 625 3318 Convictorunr
655 3251 726 3317 Soc.
757 3249 839 3316 Jesu.
876 3253 993 3332 Pragae
1015 3250 1053 3314 ad
1076 3253 1106 3317 S.

200 3357 472 3422 Bartholomaeum.
505 3359 622 3440 Pragae
646 3352 740 3420 1674.
764 3351 795 3418 8.

272 3478 428 3610 nullon,
449 3528 660 3613 losephns.

68 3703 72 3711 ,
113 3634 450 3803 Νοῑίῑίῗγὲἕηέἰὶοωηι
472 3636 694 3734 particularium
717 3634 958 3716 approbatorum.
991 3636 1107 3720 Pragae

115 3845 270 3940 historica
284 3845 446 3910 haeresum
462 3851 492 3918 et
503 3843 710 3910 ¹coneiliorum
726 3847 842 3927 notitia,
864 3848 985 3930 adjecta
1006 3845 1107 3926 operi:

200 3947 369 4012 lulalhhilis
390 3948 548 4014 Ecclesiae
570 3949 656 4014 Rom.
680 3949 765 4016 Cath-
787 3947 943 4018 Autoritas
972 3951 1005 4014 in
1025 3949 1108 4032 legi-

205 4051 283 4115 timis
314 4052 457 4118 Gonciliis
487 4052 695 4120 definientibus
725 4057 950 4124 controversias
978 4052 1049 4118 fidei
1076 4060 1108 4118 et
1182 4073 1189 4094 ⁴

205 4175 331 4222 morum.
369 4155 601 4242 Pragae1736.
625 4157 689 4224 Eol.
