2902 4750
428 1196 871 1410 ιιιιιιιιιιο.Ι
908 1421 913 1429 ,

555 1540 712 1551 ——n--nn

137 1643 308 1758 Historia
332 1647 444 1780 probe
471 1688 615 1780 cognita
634 1693 798 1792 quantum
825 1683 871 1756 ad
896 1679 1143 1787 iilustruminm¹

136 1789 341 1906 ueritatem¹
367 1828 588 1929 animumque
620 1826 821 1930 utilissimis
854 1821 1034 1898 nominis.
1063 1821 1136 1896 im.-

137 1952 314 2038 buemium
356 1965 514 2058 valeat,¹
539 1987 644 2039 nemo
682 1985 770 2040 sune
810 1964 964 2053 ignorat.
1018 1957 1145 2055 Quare

136 2103 233 2177 nullo
262 2113 520 2200 contempora
554 2107 591 2177 in
627 2127 671 2177 en
707 2101 906 2177 excolenda
940 2083 1136 2172 doctissimi

135 2245 208 2315 viri
236 2265 382 2338 operam
409 2265 508 2318 suum
535 2241 701 2352 posuere,
730 2265 773 2316 eo
801 2243 916 2333 magis
945 2237 1040 2344 quod
1073 2246 1136 2312 to-

137 2384 205 2484 ties
233 2405 277 2484 ea
303 2386 467 2494 perversi
492 2383 654 2492 homines
681 2382 728 2457 ad
750 2402 891 2485 errores
919 2401 1004 2454 suos
1032 2399 1136 2451 com-

137 2522 356 2597 mendandos
390 2522 627 2601 abuterentur.
687 2511 853 2598 ‘Societas
881 2539 1020 2616 (ιιιοιιιιι
1038 2516 1145 2623 ¹Jesu

138 2647 203 2752 nro
239 2681 305 2740 suo
333 2661 489 2735 instituto
526 2661 711 2752 egregium
738 2657 808 2732 hoc
833 2657 995 2729 veritatis
1022 2651 1137 2725 admi-

139 2794 294 2868 niculum
319 2767 461 2866 minimo
495 2795 564 2870 sibi
597 2794 848 2886 negligendum
885 2793 994 2884 omit,
1028 2788 1137 2863 illud-

139 2958 208 3040 que
233 2938 453 3052 praesertim
463 2934 509 3007 ud
534 2905 721 3051 religionis
740 2951 904 3009 caussam
930 2929 1137 3028 provehen-

139 3075 219 3148 dam
247 3097 414 3191 summo²
438 3097 525 3172 quo
546 3096 612 3192 pro
638 3076 748 3152 variis
773 3071 991 3170 temporibus
1022 3071 1143 3182 licuit*
1196 3150 1203 3170 ‚

139 3187 255 3294 studio
292 3206 349 3290 est
375 3181 558 3336 amplexa
609 3185 843 3333 Nihilominus
877 3234 949 3284 non
977 3208 1136 3322 defuere,

122 3373 255 3448 -ueque
283 3355 471 3428 etiamnum
486 3343 635 3448 desunt,
656 3357 725 3460 qni
751 3355 827 3446 ejus
854 3352 892 3424 in
917 3373 958 3462 re
985 3351 1136 3431 histori-

79 3557 83 3564 ,
140 3513 184 3564 cn
212 3488 431 3580 diligentiam
459 3461 662 3569 desiderunt
689 3501 794 3588 atque
813 3493 919 3566 etium
945 3513 1018 3596 uon
1033 3490 1141 3598 levis,
1263 3544 1265 3546 -

139 3651 220 3702 eam
246 3631 411 3705 incusant
437 3633 639 3706 socordiae
668 3631 801 3718 Quin
790 3652 897 3706 numo
925 3631 1016 3704 adeo
1044 3629 1136 3702 haec
1241 3647 1245 3654 ·

132 3769 261 3884 'opinio
295 3767 463 3864 paulatim
497 3769 668 3846 inolevit
680 3777 715 3846 et
746 3769 986 3867 plurimorum,
1014 3769 1136 3864 quiin

139 3913 241 3980 e'am
258 3893 335 3982 rem
362 3895 571 4003 diligentius
606 3933 688 3984 non
711 3895 953 4008 inquirebant,
978 3887 1145 3982 animos*

139 4048 300 4140 incessit,
325 4055 364 4122 nt
391 4020 629 4148 eprnecipuis
658 4047 870 4128 Germaniae
896 4049 1136 4142 historiogra-
