2902 4750
535 375 742 486 ΑΜ

319 615 745 694 circumrodentem.
862 611 865 616 '

142 723 276 789 cornelii
296 723 411 786 Honori
437 720 465 784 S.
490 720 517 784 J.
541 721 694 785 Historiae
722 715 955 782 Ecclesiasticae
975 717 1082 784 Versio
1104 724 1135 786 in

231 829 363 909 linguam
385 827 601 908 germanicam.
626 824 729 888 Portes
744 821 787 884 lll.
811 821 945 886 Viennae
959 818 1052 886 1701.
1069 824 1134 886 Pol.

318 927 528 1006 llclttirltolot,
556 927 757 994 Martinus.

143 1039 278 1102 Historia
311 1035 481 1118 Abiponum
519 1038 550 1098 in
583 1033 723 1097 Amerina
755 1031 952 1096 meridionali.
985 1033 1068 1095 lom.
1091 1031 1136 1100 lll.

230 1141 365 1205 Viennae
390 1134 484 1202 1783.
507 1134 539 1200 8.
569 1137 744 1218 germanice
765 1135 883 1200 reddita
905 1153 961 1217 por
981 1135 1019 1218 ᾼ.
1041 1136 1135 1202 llriel·

230 1245 340 1309 Pestini
364 1239 458 1306 1786.
486 1240 518 1303 8.

317 1345 506 1424 lotrouott,
529 1344 738 1426 Georgius.
862 1395 866 1402 .

142 1455 277 1518 Historio
308 1452 346 1516 de
376 1452 519 1534 Ingresso
542 1450 612 1516 Soc.
637 1447 710 1512 Jesu
731 1451 763 1512 in
783 1446 933 1512 Austriam
951 1437 987 1510 'et
1009 1449 1135 1530 ilunga-

231 1575 316 1622 nam.

143 1663 276 1726 Historia
298 1663 369 1726 Soc.
393 1656 467 1724 lesu
491 1657 663 1740 llungarine
686 1665 717 1722 et
737 1655 984 1737 Pronsylvauiae.

143 1769 276 1832 Historia
298 1765 424 1848 Collegii
445 1765 668 1846 Sopronieusts.
766 1753 768 1761 ’

317 1866 522 1953 uotromuy,
546 1865 753 1948 losephus.

142 1973 330 2056 Corrigenda
351 1977 382 2039 in
404 1972 548 2038 Bolremia
569 1971 659 2038 docto
680 1971 804 2036 Bolltini.
844 1971 960 2053 Progne
977 1966 1072 2034 1779.
1101 1967 1135 2035 8.

142 2078 312 2160 Scriptores
340 2094 440 2140 rerum
462 2077 692 2141 Bohemicnrum
722 2093 740 2138 e
762 2074 961 2142 Bibliotheca
978 2075 1136 2145 Ecclesiae

230 2183 481 2263 metropolitanae
502 2183 673 2264 Pragensis.
710 2180 826 2262 Progne
850 2175 945 2246 1783.
972 2179 1004 2246 4.

141 2289 189 2352 De
210 2291 328 2370 origine
350 2289 478 2352 nominis
510 2287 620 2350 czeclr.
647 2281 740 2350 1782.
765 2281 796 2348 8.
818 2274 1003 2368 germanice.

141 2393 316 2474 Disquisitio
337 2391 620 2468 historico-critico,
643 2391 724 2456 unde
738 2389 820 2456 Slavi
835 2401 946 2457 nomen
961 2409 1047 2458 suum
1062 2411 1135 2458 sor-

232 2499 277 2563 titi
297 2498 366 2560 sint.
404 2498 521 2580 Progne
544 2491 639 2562 1784.
663 2491 697 2560 8.
721 2513 817 2578 germ.

143 2601 304 2676 Quomodo
326 2603 455 2681 antiquis
475 2603 671 2666 Documcutis
697 2601 794 2664 relnto
815 2601 854 2665 od
876 2601 1013 2666 diuersos
1034 2609 1136 2683 portes

231 2703 381 2769 Historiae
402 2703 519 2769 Patriae
540 2704 683 2768 utendum
705 2707 754 2768 sit.
780 2699 873 2766 1785.
897 2701 928 2766 8.
951 2723 1048 2786 germ.

143 2805 275 2872 Historia
296 2805 474 2871 bohemicae
496 2806 618 2889 linguae
640 2813 671 2869 et
692 2806 886 2871 litteraturae.
907 2808 1024 2890 Progne
1041 2804 1135 2872 1794.

195 2968 198 2978 .
229 2905 263 2973 8.
286 2927 382 2994 germ.

14 3059 16 3082 .
141 3015 273 3084 Historia
295 3019 442 3082 vetustior
463 3016 634 3081 bohemico.
671 3015 786 3100 Progne
811 3011 904 3083 1819.
926 3013 958 3080 8.
981 3037 1078 3101 germ.

315 3117 641 3205 liclcttr‚.Carolus.

141 3227 312 3306 Scriptores
341 3223 549 3292 ttrriveroitntin
571 3225 752 3304 Viennensis
780 3227 888 3292 ordine
917 3227 1135 3309 chronologico

230 3329 384 3408 propositi.
415 3327 574 3395 Saeculum
598 3326 630 3400 2.
654 3349 673 3395 n
698 3325 781 3393 1465
805 3330 844 3392 ad
863 3325 956 3394 1565.
983 3331 1088 3398 Portos
1103 3331 1135 3396 ll.

228 3429 363 3494 Viennae
387 3426 629 3499 1738-1741.
652 3429 683 3496 8.
721 3506 728 3512 ,
1173 3443 1175 3450 ’

318 3530 450 3610 conon,
476 3534 717 3602 Alexander.

141 3641 236 3706 Roma
267 3644 354 3702 vetus
383 3642 414 3700 et
443 3654 563 3702 recens.
608 3641 723 3706 Romae
747 3636 831 3704 1633
860 3649 892 3706 et
917 3642 1136 3712 Amstclodauri

314 3843 462 3925 Poutlini,
486 3846 751 3916 Goilietnns.

142 3951 272 4018 Historia
295 3950 447 4016 derebus
472 3955 503 4019 in
526 3950 622 4020 Gallio
643 3958 737 4037 gostis
760 3956 798 4021 ab
819 3955 995 4022 Alexandro
1018 3954 1134 4018 Fame-

218 4057 275 4128 ,sio
298 4055 423 4122 Parmae
443 4064 475 4120 et
496 4057 667 4124 Placentiae
688 4059 827 4131 Ducelll
865 4059 1012 4141 Supremo
1039 4059 1135 4142 Bclgii

228 4159 395 4225 Praefecto.
432 4162 546 4228 Romoe
571 4159 664 4228 1671.
687 4163 719 4230 4.
750 4165 884 4229 Viennae
908 4158 1002 4228 1750.
1026 4165 1089 4232 Pol.
