2902 4750
713 377 970 492 ,Α-

331 617 462 682 Historia
483 615 650 700 Bajanismi
671 631 726 678 seu
749 617 892 682 Haeresis
913 617 1069 683 Michaelis
1083 619 1148 701 Baji
1172 637 1239 682 cum
1262 635 1325 682 no-

417 725 455 786 tis
477 722 648 799 historicis,
671 721 914 806 chronologicis,
945 724 1067 787 criticis.
1106 723 1202 788 Duaci
1227 720 1325 786 1731.

417 825 448 889 4.
470 827 590 909 gallice.

328 932 459 996 Affictae
482 937 551 994 sunt
581 929 609 992 ei
631 928 809 1011 patriotioae
831 931 886 994 sed
909 930 1037 996 infames
1059 931 1212 1014 Epistolae
1242 952 1261 996 a
1282 933 1324 996 tt.

417 1038 447 1099 lc
468 1035 572 1098 Haire.

504 1135 638 1218 Ghilssel,
659 1139 803 1203 Petrus
826 1141 1077 1204 Franciscus.

331 1247 376 1309 De
397 1244 555 1307 Ecclesiae
583 1243 611 1308 S.
628 1245 771 1325 Stephani
786 1245 980 1308 Divionensis
1002 1244 1197 1327 Antiquitate,
1221 1245 1325 1328 digni-

326 1353 327 1358 ’
417 1355 489 1427 tate,
512 1350 609 1412 sacris
632 1349 750 1431 opibus.
785 1350 914 1415 Divioue
940 1347 1033 1414 1657.
1057 1351 1176 1434 gallice.

331 1455 461 1518 Historia
476 1453 624 1519 Abhatiae
639 1455 752 1537 Regiae
771 1463 801 1518 et
816 1455 949 1520 Civitatis
964 1456 1191 1520 Treuorcieusis
1208 1457 1325 1532 (Tour-

419 1565 504 1636 nus).
545 1560 674 1624 Divione
699 1555 791 1624 1664.
809 1561 929 1644 gallice.

331 1667 565 1730 Dissertationes
588 1672 650 1729 tres
673 1664 712 1728 de
734 1664 763 1728 S.
779 1666 938 1747 Dionysio,
962 1666 1002 1730 de
1025 1666 1228 1730 conversione
1243 1665 1324 1730 Con-

367 1781 376 1794 ·
419 1772 558 1849 stamini,
589 1771 627 1834 de
649 1771 677 1835 S.
699 1771 819 1833 Martini
840 1770 921 1852 Epis
945 1772 1129 1836 Turonensis
1152 1772 1323 1836 Chrouolo-

419 1877 480 1959 gia.
514 1876 635 1940 Parisiis
661 1869 755 1937 1646.
782 1870 1018 1958 1676311109.

333 1982 420 2046 Plura
443 2000 535 2063 opera
566 1981 692 2045 aliorum
717 1998 784 2044 cum
810 1980 890 2043 notis
913 1980 1007 2044 edidit
1034 1988 1064 2043 et
1087 1981 1213 2044 contulit
1234 1981 1323 2047 etiam

420 2105 482 2151 non
504 2102 600 2167 pauca
623 2086 654 2147 in
676 2085 755 2148 Acta
776 2085 955 2149 Sanctonun
978 2085 1128 2149 Bollandi.

506 2186 835 2276 atinganorum.
859 2189 946 2254 Xav.

332 2295 463 2361 Historia
479 2295 599 2378 antiqua
615 2293 735 2358 Hernici.
753 2293 837 2356 Tom.
854 2293 902 2357 lV.
932 2294 1067 2359 cesenae
1086 2289 1169 2358 1780
1185 2299 1215 2358 ct
1232 2289 1325 2359 1787.

419 2396 452 2464 l.
482 2399 594 2462 italice.
624 2399 798 2483 germanice
820 2399 931 2481 prodiit-
958 2400 1076 2484 Lipsiae
1100 2394 1194 2464 1789.
1223 2399 1325 2462 Tomis

507 2605 654 2678 ttcucnt.
679 2599 891 2676 Claudius..

332 2715 465 2780 Tabulae
488 2715 726 2798 chronologicae
753 2723 815 2781 tres
846 2716 997 2780 derebus
1019 2715 1181 2796 Hispaniae
1203 2719 1325 2777 anteat

420 2827 489 2902 post
518 2820 665 2884 Christum
697 2822 913 2886 ecelesiasticis
941 2828 972 2885 et
1000 2820 1129 2902 politicis
1157 2836 1253 2900 usque
1287 2818 1325 2881 acl

355 2914 359 2925 ’
421 2943 530 2988 aunum
557 2922 658 3004 16413
682 2944 807 3006 quarum
830 2927 905 2990 duas
927 2945 966 2989 ex
987 2925 1092 2989 Latino
1115 2924 1147 2987 P.
1171 2922 1324 3005 Theophili

392 3061 395 3068 “
418 3030 567 3112 Haynalcli
588 3031 619 3096 S·
642 3029 670 3094 J.
693 3032 725 3093 in
747 3031 934 3112 hispanicum
955 3031 1055 3095 vertit.
1088 3029 1208 3094 Hadriti
1232 3023 1321 3092 1641.
1428 3037 1429 3042 ’

424 3131 519 3199 1645.
542 3129 575 3196 8.

295 3239 299 3248 ’
508 3235 590 3307 (inho
615 3236 663 3318 tle,
685 3238 899 3303 Barnabas.

333 3343 464 3408 Historia
487 3341 600 3408 ludica.
624 3344 788 3426 hispanice.

509 3444 646 3528 Gentius,
669 3449 852 3512 Jodocus.

333 3553 525 3638 Dagobertus
557 3554 641 3633 Rex,
687 3553 918 3637 Argentinensis
950 3554 1153 3638 Episcopatus·
1183 3552 1329 3617 fundator

420 3659 561 3741 praevius
590 3660 670 3723 notis
702 3660 884 3736 illustratus3
921 3660 953 3723 in
984 3677 1043 3743 quo
1071 3678 1134 3723 nou
1159 3677 1258 3741 pauca
1287 3657 1328 3720 ad

317 3833 321 3842 ,
421 3765 575 3847 utriusque
591 3763 725 3827 Alsatiae
744 3764 993 3847 finitimarumque
1014 3783 1115 3828 rerum
1137 3782 1256 3828 sacram
1279 3762 1328 3824 ci-

419 3870 571 3952 vilemque
600 3867 735 3932 notitiam
762 3877 976 3936 memorantur.
1016 3865 1098 3951 Opus
1125 3869 1327 3950 posthumum.

354 4023 359 4034 .
421 3968 764 4041 nunnamenster.

334 4080 513 4147 Sanctorum
535 4077 671 4144 Alsatiae
693 4076 835 4141 Historia.
