2902 4750
136 597 320 666 Prodromos
342 600 493 669 Historiae
514 601 722 668 Universitatis
749 597 956 684 coloniensis,
987 623 1047 688 quo
1078 625 1134 670 ex-

153 740 155 751 ›
224 704 344 771 hibetur
364 705 511 788 synopsis
534 715 671 772 autorum
694 715 724 771 el
745 709 926 791 scriptorum
949 727 968 773 e
989 693 1134 776 facultate

225 798 411 892 'lbeolcpica
451 827 507 893 pro
539 811 679 876 Ecclesia
714 813 863 878 catholica
902 821 933 878 et
969 814 1134 896 Republica

226 912 411 978 Coloniensi.
446 914 591 980 Coloniae
615 909 710 979 1759.
733 914 765 980 4.

135 1017 171 1082 ln
192 1018 270 1082 ldsc.
292 1019 428 1102 reliquitt
451 1017 582 1085 Historia
604 1021 760 1086 litteraria
783 1019 973 1088 Germaniae.

312 1121 651 1202 uariuntoannos.
694 1144 699 1160 ·

136 1227 355 1316 cbronologia,
378 1245 456 1309 quac
484 1229 597 1310 passim
626 1225 794 1310 inpotenti
822 1228 897 1292 folio
927 1245 982 1311 per
1005 1228 1133 1296 Germa-

223 1333 305 1395 niam
325 1349 435 1414 magna
459 1351 527 1396 cum
548 1331 639 1396 laude
661 1332 837 1396 circumlata
863 1340 921 1398 est.

311 1433 511 1516 llavcrttodt
533 1435 773 1501 bernardus.
851 1449 853 1456 ’

136 1537 298 1622 Gbilidugu
327 1557 382 1604 scu
403 1541 464 1604 llas
487 1539 657 1605 Chilenses·
653 1541 734 1604 ¹sive
756 1539 927 1626 Descriptio
950 1491 1050 1606 Status
1073 1549 1134 1607 turn

222 1645 371 1712 naturalis
395 1653 456 1710 tum
485 1645 582 1710 civilis
620 1652 650 1710 et
679 1645 804 1709 moralis
837 1646 942 1728 Regni
971 1648 1135 1731 populique

224 1750 389 1829 Chilcusis,
420 1751 534 1814 inserta
557 1749 620 1814 suis
642 1749 721 1814 locis
743 1750 978 1816 manuductione
998 1751 1134 1832 perlecta
1186 1763 1187 1766 ’

224 1855 263 1920 ad
294 1854 465 1920 Cbilensem
493 1855 639 1938 lingulam.
670 1855 756 1918 lom.
778 1855 821 1920 lll.
847 1845 951 1920 Partes
972 1856 1030 1920 Vll.
1063 1857 1133 1922 Mo-

222 1961 346 2024 naslerii
372 1955 473 2049 1777.
491 1954 522 2022 8.
547 1978 615 2022 cum
637 1958 688 2042 dg.

310 2063 435 2140 anun,
466 2063 692 2130 Cornelius.

134 2167 267 2232 Historia
288 2168 524 2246 Ecclesiastico,
552 2185 612 2253 peu
633 2167 693 2232 Res
717 2166 880 2231 christiana
902 2165 1057 2230 catholica
1079 2183 1134 2246 per

223 2280 317 2336 tolum
339 2271 481 2336 mundum
503 2279 687 2356 propagato,
717 2274 749 2336 in
779 2272 883 2353 specie
910 2271 1035 2336 saeculo
1056 2287 1133 2352 pro·

222 2379 304 2442 xime
323 2378 428 2460 elapso
451 2383 481 2442 ct
502 2377 635 2458 labente,
657 2379 689 2440 in
713 2395 771 2460 qua
793 2377 926 2442 breviter
948 2375 1134 2440 describitur

222 2483 357 2566 cujusvis
372 2483 469 2566 Regni
487 2484 573 2562 situs,
596 2483 716 2566 genius,
738 2482 906 2547 incolarum
922 2499 1034 2561 mores,
1060 2498 1132 2545 sec-

221 2593 289 2666 tae,
319 2594 429 2653 statuta
451 2586 589 2669 politica,
611 2587 805 2650 ceremoniae
827 2603 935 2648 sacrae
958 2593 988 2648 et
1011 2585 1130 2662 civiles,

222 2693 399 2774 praesertim
423 2693 519 2772 prima
540 2691 724 2755 introductio
741 2697 770 2754 et
786 2689 920 2753 dilatatio
937 2707 1030 2752 verae
1049 2688 1133 2751 chri-

221 2779 339 2860 slianac
367 2795 468 2872 fidei,'
485 2802 574 2877 prout
603 2814 622 2858 a
650 2795 750 2857 multis
777 2792 962 2876 Martyribus
994 2791 1158 2873 defensa,x

219 2900 348 2968 aliorum
365 2899 602 2968 dunscanorum
625 2900 867 2970 circumornata,
890 2895 1050 2978 multisque
1072 2895 1132 2960 mi-

220 3004 366 3070 rabilibus
389 3006 507 3070 eventis
529 3003 704 3068 confirmata
728 3009 784 3067 ost.
818 3002 891 3065 Cum
911 2999 1024 3082 liguris.
1062 3000 1132 3064 bel-

219 3112 299 3193 gice.
321 3111 396 3174 Pars
419 3111 441 3174 1.
479 3101 665 3192 Anlverpiae
689 3103 783 3172 1666.
805 3107 839 3169 Ρ.
859 3104 899 3167 ΙΙ.
922 3099 1016 3194 1668..
1039 3105 1071 3168 P.
1087 3104 1130 3168 111.

116 3229 120 3240 ·
223 3209 318 3278 1609.
340 3216 371 3278 Ρ.
387 3213 437 3278 lV.
463 3211 557 3279 1671.
579 3215 611 3279 Ρ.
627 3215 662 3278 V.
690 3209 782 3276 1673.
806 3211 870 3274 ΡοΙ.

133 3313 254 3379 Paravit
267 3319 373 3396 proclo
389 3321 513 3384 'lomum
527 3320 567 3384 vl
584 3328 614 3384 et
629 3320 693 3393 vll,
716 3317 766 3399 qui
782 3323 883 3378 tamen
898 3299 961 3376 non
976 3311 1128 3393 prodiere.

198 3417 327 3482 'lotum
331 3439 424 3500 opus
439 3423 471 3485 io
488 3425 622 3508 lingnam
638 3420 844 3506 germanicam
859 3417 1010 3499 puriorem
1026 3423 1131 3481 trans·

96 3575 107 3602 ,
220 3523 313 3588 latum
343 3531 455 3587 mutato
487 3529 670 3610 aliquantum
697 3524 809 3588 ordine
838 3521 954 3624 prodiit
982 3522 1128 3586 Viennae

218 3629 336 3694 Parsl.
364 3623 458 3691 1678.
481 3631 512 3692 Ρ.
535 3631 574 3695 lt.
596 3649 685 3695 versa
709 3648 726 3693 a
748 3628 859 3692 Mathia
881 3595 1129 3693 soulermanss.

218 3734 246 3798 l.
274 3730 368 3798 1684.
392 3712 482 3798 P.lll.
506 3735 544 3797 ab
568 3730 962 3802 Udatncobirrbeimers.
980 3731 1007 3794 l
1033 3723 1128 3792 1701.

218 3838 249 3902 Ρ.
272 3840 328 3903 IV.
350 3835 444 3902 1727.
468 3839 499 3902 Ρ.
522 3840 558 3902 v
600 3837 746 3902 Coloniae
772 3832 866 3944 1697.
890 3836 1010 3900 Fol.

240 3940 405 4022 mori,
428 3939 635 4008 Antonius.

130 3985 783 4130 Historiapoeticamontiumlransilnaniao.
776 4041 980 4209 ‚Claud510poli
991 4036 1128 4108 17288.
