2874 4746
710 353 920 477 ..new

407 595 512 661 tiorum
535 593 666 662 Berolini
695 597 860 660 membrum
891 617 909 660 e
928 595 1036 663 latino¹
1052 601 1083 662 in
1105 600 1309 682 germanicum

409 699 499 764 vertit
523 707 553 764 et
575 701 678 764 edidit
715 701 848 766 Berolim
870 709 901 768 et
923 702 1040 767 Gothoe
1064 700 1158 766 1785.
1180 702 1211 766 4.

492 801 619 883 Tilmsz,
642 804 881 870 Friderieus.

320 907 508 989 Conspectus
539 908 695 974 Historiae
722 909 930 976 Univerm'tatis
955 911 1135 978 Viennensis
1165 931 1204 974 ex
1226 913 1311 974 Astis

406 1013 619 1094 veteribusque
640 1014 835 1080 Documentis
857 1022 960 1079 emtus
983 1023 1072 1099 atque
1101 1017 1139 1081 ab
1162 1019 1229 1099 ejus
1249 1017 1312 1082 ini-

405 1117 448 1182 tio
478 1117 517 1182 ad
545 1134 656 1181 annam
686 1113 770 1182 1485
802 1119 959 1184 deductus.
1000 1123 1073 1185 Pars
1099 1122 1121 1185 1.
1177 1123 1312 1186 Viennae

411 1218 505 1285 1722.
528 1217 559 1285 8.
1240 1228 1244 1243 ·

494 1323 615 1408 Timon,
638 1329 805 1392 samael.

320 1435 465 1517 synopsis
495 1431 711 1515 chronologias
728 1435 916 1516 -Regnomm
945 1435 1133 1517 Bangenos,
1164 1435 1313 1513 croatiae,

407 1537 572 1604 Dalmatiae
594 1545 672 1616 ete,
702 1539 902 1604 aNativitate
932 1544 962 1602 S.
989 1539 1131 1621 Stephani
1158 1540 1310 1607 inchoata.

408 1645 576 1724 Tymaviae
601 1639 686 1707 1714
708 1651 739 1706 et
763 1641 858 1707 1715.
885 1641 935 1708 12.
1193 1632 1198 1654 ‘

318 1751 421 1833 Imago
445 1734 590 1831 nonqune'
608 1751 781 1830 Hungan'ae
802 1757 1036 1831 repraesentans
1058 1757 1166 1829 terres,
1193 1750 1309 1813 adven-

407 1862 467 1918 tum
484 1862 514 1918 et
524 1873 574 1918 res
585 1861 689 1936 gestas
701 1856 860 1918 Hunnicae
870 1856 979 1937 gentis.
998 1853 1161 1919 Gassoviae
1175 1850 1269 1918 1733.
1278 1851 1307 1917 8.

317 1961 420 2042 Imago
444 1978 543 2025 novae
572 1962 747 2042 Hungatiae
775 1968 1008 2042 repraesentans
1029 1961 1153 2043 Regna,
1180 1960 1309 2023 Provin-

408 2065 490 2142 cias,
527 2064 658 2128 Banatus
688 2071 719 2127 et
750 2064 911 2130 Comitatus
950 2063 1071 2130 ditionis
1107 2064 1306 2148 Hunganieae.

404 2169 568 2234 cassoviaa
592 2164 685 2231 1734.
715 2165 746 2233 8.
774 2203 785 2212 -

316 2274 450 2340 Historia
472 2274 569 2354 Regni
591 2275 778 2356 Hungariae.
820 2274 903 2356 Opus
924 2273 1124 2355 posthumum.
1150 2269 1244 2336 1738.

446 2437 450 2441 ,
491 2373 980 2462 ἵὶῐαδοεῦὴὶ,Ηὶθτοηγωιιε.

316 2481 428 2546 Vetera
458 2481 687 2545 Humiliatomm
717 2483 919 2547 Monumenta.
958 2483 1025 2546 Vol.
1052 2481 1096 2546 tlt.
1147 2483 1309 2546 Mediolani

315 2692 447 2756 Historia
469 2693 665 2757 Littsnatnroe
687 2694 815 2760 intimo.
839 2694 924 2759 Tomi
946 2692 983 2757 X.
1016 2677 1149 2758 Matinae
1173 2687 1306 2754 1772-

406 2793 500 2860 1782.
522 2795 554 2860 4.
1111 2843 1114 2848 -

315 2903 503 2970 Bibliotheca
526 2902 722 2980 Mutinensis,
746 2921 800 2966 seu
821 2903 952 2967 Notitiae
973 2903 1012 2966 de
1034 2901 1094 2967 vita
1117 2909 1146 2966 et
1168 2902 1308 2983 operibus

317 3001 321 3011 '
404 3009 589 3088 Scriptorum
623 3001 844 3070 Mutinensium.
878 3008 946 3070 Vol.
963 3005 1018 3070 ‘Vt
1060 3008 1197 3070 Mutinae·
1222 2999 1305 3070 1781

314 3217 445 3282 Notitiae
466 3218 627 3292 Pictorum,
652 3216 851 3297 sculptorum,
873 3216 1039 3283 Inoisorum
1062 3226 1093 3282 et
1113 3217 1308 3282 Architectu-

406 3341 471 3384 rum
502 3329 641 3386 notorum
671 3323 701 3386 in
731 3326 816 3386 Statu
846 3322 938 3388 Ducis
960 3323 1156 3388 Mutinensis:
1179 3322 1309 3387 Mutinae
1421 3367 1422 3374 1

406 3420 499 3487 186.

315 3422 480 3626 Memnonios
500 3530 664 3596 historicae
686 3529 870 3594 Mutinenses
893 3549 960 3593 eum
984 3531 1095 3596 Codice
1118 3531 1310 3614 diplomatico

367 3677 371 3685 -
405 3635 485 3698 notis
502 3634 666 3698 illustrato.
696 3636 761 3700 Vol.
779 3637 827 3700 tv.
865 3637 995 3701 Mutinae
1012 3633 1096 3700 1793
1112 3645 1141 3702 et
1159 3632 1255 3700 1794.
1278 3635 1311 3704 4.

490 3735 609 3818 Tomi,
631 3740 844 3805 Emerieus.

317 3845 499 4010 Progrlessings
526 3843 626 4010 glanae
649 3845 855 3910 Universitatis
878 3847 1102 3928 iyrnaviensis.
1139 3847 1312 3928 Tymaviae

286 3963 288 3967 ·
325 3981 331 3990 ·
428 3945 448 4010 7
495 3979 512 4013 .·
548 3995 556 4012 .
