2902 4750
634 367 832 456 „44

702 469 911 480 ,m

485 605 574 687 idn,
596 608 839 672 Franciscus
860 607 954 671 Xav.
1150 691 1153 696 ι

310 713 478 795 Descriptio
492 713 670 778 Provinciae
683 711 862 778 Munitorum
875 712 907 774 in
922 712 1028 794 Regno
1042 712 1188 787 Peraano,
1213 731 1302 794 qvam

398 837 416 882 e
437 818 562 899 Scriptis
585 819 652 900 ejas
674 817 839 898 posthumis
862 815 1006 898 digessit,
1029 817 1172 898 expolivit
1193 823 1225 880 et
1244 816 1302 880 nd-

398 922 602 1010 notationibus
629 922 789 986 illustravit
815 920 924 985 Paulas
952 919 1042 984 Mako
1072 919 1103 985 S.
1133 919 1161 984 J.
1199 921 1302 985 Budae

400 1022 494 1090 1791.
525 1024 556 1088 4.

484 1126 588 1209 trba,
617 1111 919 1194 Bernardinue.‘

309 1234 420 1304 Notitia
452 1233 576 1298 illustris
606 1235 703 1318 Regni
734 1236 896 1302 Bobeniae
928 1231 1121 1316 Scriptorum.
1165 1234 1302 1299 Viennae
1360 1286 1362 1291 ,

400 1335 493 1402 1761.
515 1340 578 1404 Fol.

214 1459 222 1470 ¹
309 1446 344 1509 tn
373 1444 557 1510 Bibliotheca
588 1443 675 1508 Caes.
705 1442 791 1506 Vico.
822 1453 960 1509 servatur
988 1463 1064 1526 opos
1090 1445 1163 1508 bisc.
1196 1445 1233 1508 ab
1262 1463 1300 1511 eo

397 1549 562 1631 perfeetum
593 1550 624 1611 in
646 1548 741 1624 Polio,
774 1551 860 1630 cujus
890 1550 1006 1613 titulus:
1043 1549 1195 1631 Anonymi
1217 1551 1249 1616 S.
1271 1550 1300 1613 J.

395 1655 567 1736 Presbyteri
593 1654 771 1718 Provinciae
800 1653 941 1718 Au'striae
973 1655 1120 1737 Theologi
1149 1655 1209 1718 Res
1237 1653 1300 1724 Ge-

396 1766 462 1823 stae
492 1766 522 1822 et
551 1759 663 1840 scripta
691 1745 823 1823 virorum
852 1760 882 1825 S.
904 1760 931 1823 J.
964 1761 1140 1826 Provinciae
1161 1759 1301 1826 Ausbiae

396 1866 435 1930 ab
458 1883 537 1929 anno
562 1859 645 1927 1691
670 1864 709 1926 ad
734 1859 827 1927 1760.

481 1966 610 2047 arbai,
633 1967 893 2032 Christianus.

307 2077 464 2140 'tractatus
488 2075 526 2137 de
548 2073 811 2155 Rebaptizantibas
833 2073 1129 2138 Monasteriensibvs.
1152 2089 1248 2152 germ.

479 2174 614 2247 decebit
636 2176 686 2257 tic,
708 2178 1039 2260 christophorus.

305 2286 351 2348 De
374 2283 554 2348 Caiiiorniis.

479 2383 645 2470 Espinosc
668 2384 872 2450 Antonius.

304 2489 359 2554 Ex
365 2491 477 2574 gallico
492 2492 648 2572 hispanice
663 2491 807 2554 reddidit:
830 2491 877 2552 pn
866 2492 992 2556 .Joao.
1012 2489 1077 2558 Jos.
1095 2491 1133 2556 de
1149 2492 1300 2574 Berrayer

393 2596 425 2662 S.
447 2595 475 2662 J.
499 2597 629 2662 Historia
650 2597 764 2679 popuii
773 2597 830 2660 Dei
851 2599 888 2662 ab
910 2599 977 2679 ejus
999 2597 1117 2679 origine
1142 2615 1238 2678 usqne
1260 2597 1299 2660 ad

393 2703 578 2766 nativitatem
599 2703 739 2766 Moesiae.
762 2703 846 2769 Pom.
870 2702 907 2765 V
938 2703 1056 2766 biadriti
1081 2697 1175 2766 1750.
1199 2701 1230 2764 4.

305 2808 442 2891 Epitome
464 2808 614 2874 Historiae
628 2807 810 2890 Hispanioae
832 2814 863 2872 et
884 2809 952 2890 ejas
966 2808 1137 2890 Descriptio
1153 2825 1299 2890 .-geogra

391 2913 490 2994 phica.
514 2912 633 2976 Madriti
657 2909 750 2976 1750.
772 2911 803 2975 4.
828 2914 905 2994 hisp.

478 3014 679 3094 batereiober
707 3018 843 3082 Frano
865 3017 983 3082 Xav

304 3124 437 3190 Historia
459 3123 625 3204 hungarica
647 3123 685 3185 de
703 3129 823 3203 septem
846 3123 949 3205 primis
968 3123 1100 3187 Ducibus
1116 3123 1293 3250 Hungariae.

392 3227 557 3292 Cassoviae
583 3222 674 3290 1747.
697 3222 728 3288 8.

334 3359 665 3517 Falkner,
647 3438 822 3504 Phornas.

302 3541 471 3624 Descriptio
492 3543 674 3625 Patagoniae
704 3551 734 3608 et
760 3543 963 3627 adjacentium
986 3546 1113 3629 partium
1135 3542 1299 3609 Americae
1429 3571 1430 3580 .

391 3647 603 3713 meridionalis.
644 3649 774 3715 Herford
800 3645 894 3714 1774.
926 3650 956 3716 4.
1001 3651 1118 3719 Gothne
1142 3647 1237 3713 1775.
1267 3647 1297 3712 8

391 3753 519 3836 anglice.
1429 3739 1430 3744 ἵ

376 3889 380 3896 ·
477 3853 605 3935 ierant,
628 3857 839 3924 Antonius.

262 4053 264 4060 Α
303 3961 349 4025 De
371 3960 555 4030 chilensibus
578 3951 705 4029 rebus?
801 3987 804 3996 ·
