2902 4750
300 373 336 425 Ν

300 551 381 648 pluis
415 575 505 637 unae
540 577 706 632 asserere
742 580 814 631 non
853 559 1036 653 dubitarit,
1072 571 1142 634 tam
1175 585 1298 658 parum

301 711 404 784 esso,
439 692 534 790 quod
560 692 723 789 Societas
750 695 836 770 Jesu
862 697 900 768 in
918 718 958 768 re
985 696 1156 773 historica
1183 724 1294 797 prae-

302 829 441 926 stiterit,
467 841 505 905 nt
530 855 596 930 pro
624 832 733 910 nihilo
760 837 917 932 reputari
944 835 1084 911 debeat.
1173 886 1185 913 .

405 1008 462 1097 At
498 1025 566 1098 hac
594 1029 836 1120 accusatione,
871 1037 908 1099 ut
943 1027 1035 1122 apud
1062 1049 1126 1102 eos
1154 1050 1302 1125 quorum

1430 227 1432 322 l

1432 466 1433 548 l

302 1171 358 1238 est
391 1186 435 1236 ea
473 1167 511 1238 in
544 1188 584 1238 re
611 1167 797 1260 jndicare,
844 1163 1061 1242 Societatem
1098 1188 1301 1270 purgarem,
1435 1176 1436 1250 l

300 1323 412 1401 opera
438 1304 608 1380 historica
636 1305 794 1400 ejusdem
809 1283 1001 1382 recensere
1029 1309 1133 1380 statui
1159 1307 1304 1400 (adjec-

302 1446 348 1519 tis
375 1447 482 1518 etiam
509 1469 600 1542 quae
626 1449 796 1522 remotius
817 1446 862 1520 ad
888 1446 1074 1521 historiam
1102 1450 1303 1543 spectant);

301 1592 340 1656 ut
366 1584 434 1657 hac
460 1589 610 1679 ratione,
629 1585 690 1660 uhi
715 1585 827 1661 verba
847 1590 961 1661 miuus
984 1586 1188 1682 expediunt,
1208 1585 1304 1662 lacta
1359 1675 1365 1678 ,

289 1722 500 1819 *loquantum
527 1721 642 1802 Simul
667 1725 752 1799 mihi
768 1745 868 1800 mens
896 1735 984 1808 erat,
1003 1747 1149 1822 operum
1176 1735 1303 1800 aucto-

301 1885 447 1962 rumque
473 1853 727 1940 catholicorum
746 1865 930 1940 elenchum
956 1864 1069 1939 hacce
1095 1862 1302 1940 collectione

301 2004 462 2080 nonnihil
488 1995 689 2104 complere(
743 2005 782 2079 ld
810 2005 902 2080 enim
925 2008 999 2099 jann
1025 2005 1162 2101 pridem
1187 2027 1209 2076 a
1234 2025 1306 2078 non

302 2120 428 2240 paucis
461 2143 716 2239 desideratum,
751 2144 795 2218 ah
829 2111 1003 2242 alicuibus
1038 2147 1143 2218 ctiam
1172 2133 1305 2218 'lauda-

302 2279 422 2356 biliter
455 2293 636 2381 coeptum;
670 2305 785 2382 neque
821 2285 913 2358 adeo
950 2281 1092 2357 dificile
1125 2281 1230 2375 foret,
1258 2283 1305 2356 ad

304 2421 550 2498 illustrandam
584 2444 662 2498 rem
695 2390 890 2499 literariam
921 2423 1188 2514 catholicorum,
1212 2422 1305 2522 con-

306 2551 450 2636 cinnare
480 2537 652 2639 fusiorem
686 2573 868 2640 auctorum
899 2561 1106 2671 notabilium
1138 2561 1305 2655 indicem,

305 2707 516 2801 praesertim
558 2707 591 2780 si
623 2713 658 2778 et
690 2707 802 2780 ceteri
836 2705 1087 2812 religiosorum
1126 2702 1307 2776 hominum

281 2873 285 2882 ·
307 2843 465 2937 ordines,
493 2847 552 2939 qui
578 2845 682 2922 bonis
711 2845 943 2941 scriptoribus
970 2839 1165 2936 abundant,
1198 2841 1245 2916 ad
1269 2841 1307 2915 id

308 3005 414 3079 opem
440 2979 644 3056 conferrent
671 3005 782 3058 suam.
856 2983 932 3070 Quo
962 2965 1069 3055 etiam
1101 2981 1211 3057 facile
1237 3006 1307 3080 pa-

308 3129 421 3216 teret,
476 3129 605 3219 quanta
642 3124 689 3223 sit
713 3123 771 3199 via
800 3125 1010 3198 societatum
1038 3123 1226 3217 conjuncta
1261 3119 1306 3195 ad

309 3249 593 3360 promovendas
624 3261 748 3369 literas
801 3284 915 3361 caque
962 3246 1162 3362 praecipue¹
1195 3245 1306 3361 prae-

311 3399 450 3494 standa,
480 3423 572 3498 quae
589 3384 774 3516 plurimum
792 3411 865 3522 tum
889 3401 1024 3482 laboris
1042 3413 1114 3508 tum
1139 3402 1308 3506 temporis

153 3574 159 3585 ·
254 3569 257 3572 ·
311 3539 505 3638 requirunt.
530 3540 559 3632 ¹)

338 3717 341 3722 Δ
389 3752 480 3828 ·His
506 3753 712 3850 praelibatis
731 3756 906 3853 quaedam
931 3756 976 3830 alc
1003 3747 1160 3836 tontibus
1179 3769 1202 3820 e
1224 3747 1313 3858 qui*

312 3892 379 3972 lus
413 3893 536 3988 hausi,
576 3895 775 3990 subjiciam.
847 3893 993 3970 Praeter
1028 3887 1098 3967 alia
1126 3886 1314 3974 illosarum

315 4026 524 4041 ..n-⁸*—

389 4097 467 4164 W·
486 4113 513 4154 v·
533 4115 559 4170 g.
577 4107 638 4158 acta
657 4097 812 4154 Sanctorum
830 4093 953 4152 Bollaudi
969 4061 1179 4162 sucorumque
1241 4071 1244 4080 ’
1266 4105 1275 4114 ·

421 4407 436 4442 ο
552 4397 560 4434 t
